<record xmlns:xsi="http://www.w3.org/2001/XMLSchema-instance" xmlns="http://www.loc.gov/MARC21/slim" xsi:schemaLocation="http://www.loc.gov/MARC21/slim http://www.loc.gov/standards/marcxml/schema/MARC21slim.xsd">

  <leader>00542nam a2200181Ia 4500</leader>
  <controlfield tag="008">150716b19      U  ||||| |||| 00| | E   d</controlfield>
  <datafield ind2=" " tag="020" ind1=" ">
    <subfield code="a">0873674626</subfield>
  </datafield>
  <datafield tag="090" ind2=" " ind1=" ">
    <subfield code="a">06.02.03 </subfield>
    <subfield code="b">1225</subfield>
  </datafield>
  <datafield ind2=" " tag="100" ind1="1">
    <subfield code="a">Horenstein, Mary Ann</subfield>
    <subfield code="9">371</subfield>
  </datafield>
  <datafield tag="245" ind2="0" ind1="1">
    <subfield code="a">Twelve schools that succed / </subfield>
    <subfield code="c">Mary Ann Horenstein</subfield>
  </datafield>
  <datafield ind2=" " tag="260" ind1=" ">
    <subfield code="a">USA : </subfield>
    <subfield code="b">Phi Delta Kappa Educational Foundation, </subfield>
    <subfield code="c">1993</subfield>
  </datafield>
  <datafield ind1=" " ind2=" " tag="300">
    <subfield code="a">95 páginas</subfield>
  </datafield>
  <datafield ind1=" " tag="500" ind2=" ">
    <subfield code="a">Material en idioma inglés</subfield>
  </datafield>
  <datafield ind2="4" tag="650" ind1="1">
    <subfield code="a">EDUCACIÓN PRIMARIA</subfield>
    <subfield code="9">367</subfield>
  </datafield>
  <datafield ind1="1" ind2="4" tag="650">
    <subfield code="a">ESCUELAS </subfield>
    <subfield code="9">300</subfield>
  </datafield>
  <datafield ind1=" " tag="651" ind2="4">
    <subfield code="a">ESTADOS UNIDOS</subfield>
    <subfield code="9">372</subfield>
  </datafield>
  <datafield ind1=" " tag="942" ind2=" ">
    <subfield code="2">z</subfield>
    <subfield code="c">01</subfield>
  </datafield>
  <datafield ind2=" " tag="999" ind1=" ">
    <subfield code="c">51</subfield>
    <subfield code="d">51</subfield>
  </datafield>
</record>